<record><leader>00000cas a2200000 a 4500</leader><controlfield tag="001">1446335</controlfield><controlfield tag="008">750714d188u188ufludn ne      0    0eng c</controlfield><datafield ind1=" " ind2=" " tag="010"><subfield code="a">sn 95026972 </subfield></datafield><datafield ind1=" " ind2=" " tag="040"><subfield code="a">FUL</subfield><subfield code="b">eng</subfield><subfield code="c">FUL</subfield><subfield code="d">FUG</subfield><subfield code="d">OCLCQ</subfield><subfield code="d">OCLCF</subfield><subfield code="d">OCLCO</subfield></datafield><datafield ind1=" " ind2=" " tag="012"><subfield code="i">9508</subfield></datafield><datafield ind1="1" ind2=" " tag="029"><subfield code="a">AU@</subfield><subfield code="b">000025895460</subfield></datafield><datafield ind1=" " ind2=" " tag="042"><subfield code="a">pcc</subfield></datafield><datafield ind1=" " ind2=" " tag="043"><subfield code="a">n-us-fl</subfield></datafield><datafield ind1="0" ind2=" " tag="130"><subfield code="a">Gainesville news (Gainesville, Fla.)</subfield></datafield><datafield ind1="1" ind2="4" tag="245"><subfield code="a">The Gainesville news.</subfield></datafield><datafield ind1=" " ind2=" " tag="260"><subfield code="a">Gainesville, Fla. :</subfield><subfield code="b">News and Advocate Pub. Co.</subfield></datafield><datafield ind1=" " ind2=" " tag="300"><subfield code="a">v.</subfield></datafield><datafield ind1=" " ind2=" " tag="310"><subfield code="a">Daily (except Sunday)</subfield></datafield><datafield ind1=" " ind2=" " tag="580"><subfield code="a">Weekly ed.: Alachua advocate.</subfield></datafield><datafield ind1=" " ind2=" " tag="588"><subfield code="a">Description based on: Vol. 1, no. 103 (Mar. 31, 1885).</subfield></datafield><datafield ind1=" " ind2=" " tag="588"><subfield code="a">Latest issue consulted: Vol. 1, no. 107 (Apr. 4, 1885).</subfield></datafield><datafield ind1=" " ind2="0" tag="651"><subfield code="a">Gainesville (Fla.)</subfield><subfield code="v">Newspapers.</subfield></datafield><datafield ind1=" " ind2="0" tag="651"><subfield code="a">Alachua County (Fla.)</subfield><subfield code="v">Newspapers.</subfield></datafield><datafield ind1=" " ind2="7" tag="655"><subfield code="a">Newspapers.</subfield><subfield code="2">fast</subfield><subfield code="0">(OCoLC)fst01423814</subfield></datafield><datafield ind1=" " ind2="7" tag="651"><subfield code="a">Florida</subfield><subfield code="z">Alachua County.</subfield><subfield code="2">fast</subfield><subfield code="0">(OCoLC)fst01214687</subfield></datafield><datafield ind1=" " ind2="7" tag="651"><subfield code="a">Florida</subfield><subfield code="z">Gainesville.</subfield><subfield code="2">fast</subfield><subfield code="0">(OCoLC)fst01207243</subfield></datafield><datafield ind1=" " ind2=" " tag="752"><subfield code="a">United States</subfield><subfield code="b">Florida</subfield><subfield code="c">Alachua</subfield><subfield code="d">Gainesville.</subfield></datafield><datafield ind1="1" ind2=" " tag="775"><subfield code="t">Alachua advocate</subfield><subfield code="w">(DLC)sn 95026964</subfield><subfield code="w">(OCoLC)32993617</subfield></datafield><datafield ind1="0" ind2="0" tag="780"><subfield code="t">Gainesville evening news</subfield><subfield code="w">(DLC)sn 95026971</subfield><subfield code="w">(OCoLC)32994110</subfield></datafield><datafield ind1="0" ind2="4" tag="785"><subfield code="t">Daily advocate (Gainesville, Fla.)</subfield><subfield code="w">(DLC)sn 95026973</subfield><subfield code="w">(OCoLC)1556486</subfield></datafield><datafield ind1=" " ind2=" " tag="850"><subfield code="a">FU</subfield></datafield></record>